<?xml version="1.0" encoding="UTF-8" ?>
<collection xmlns:xsi="http://www.w3.org/2001/XMLSchema-instance"
    xsi:schemaLocation="http://www.loc.gov/MARC21/slim
        http://www.loc.gov/standards/marcxml/schema/MARC21slim.xsd"
    xmlns="http://www.loc.gov/MARC21/slim">
<record>
  <leader>00262cam a2200505 i 4500</leader>
  <controlfield tag="001">b12329071</controlfield>
  <controlfield tag="003">LeBAU</controlfield>
  <controlfield tag="005">20140416</controlfield>
  <controlfield tag="008">970129s1947    ua       b    ||1 0 ara d</controlfield>
  <datafield tag="035" ind1=" " ind2=" ">
    <subfield code="a">ocn784205394</subfield>
  </datafield>
  <datafield tag="040" ind1=" " ind2=" ">
    <subfield code="a">LEAUB</subfield>
    <subfield code="b">ara</subfield>
    <subfield code="e">rda</subfield>
    <subfield code="c">LEAUB</subfield>
    <subfield code="d">LEAUB</subfield>
  </datafield>
  <datafield tag="041" ind1="1" ind2=" ">
    <subfield code="a">ara</subfield>
    <subfield code="h">eng</subfield>
  </datafield>
  <datafield tag="082" ind1="0" ind2="4">
    <subfield code="a">297</subfield>
    <subfield code="2">22</subfield>
  </datafield>
  <datafield tag="100" ind1="1" ind2=" ">
    <subfield code="6">880-01</subfield>
    <subfield code="a">Arnold, Thomas Walker,</subfield>
    <subfield code="c">Sir,</subfield>
    <subfield code="d">1864-1930,</subfield>
    <subfield code="e">author.</subfield>
  </datafield>
  <datafield tag="240" ind1="1" ind2="0">
    <subfield code="a">Preaching of Islam.</subfield>
    <subfield code="l">Arabic</subfield>
  </datafield>
  <datafield tag="245" ind1="1" ind2="0">
    <subfield code="6">880-02</subfield>
    <subfield code="a">al-Daʻwah ilá al-Islām /</subfield>
    <subfield code="b">بحث في تاريخ نشر العقيدة الإسلامية /</subfield>
    <subfield code="c">al-Sīr T. W. Arnūld ; tarjamahu ilá al-‘Arabīyah Ḥasan Ibrāhīm Ḥasan, ra’īs qism al-tārīkh bi-Jāmi‘at Fu’ād al-Awwal, ‘Abd al-Majīd ‘Ābdīn, mudarris bi-Kulliyat Fardūn bi-al-Kharṭūm, Ismā‘il al-Naḥrāwī, bi-Maktabat Jāmi‘at Fu’ād al-Awwal.</subfield>
  </datafield>
  <datafield tag="264" ind1=" " ind2="1">
    <subfield code="6">880-03</subfield>
    <subfield code="a">al-Qāhirah :</subfield>
    <subfield code="b">Maktabat al-Nahḍah al-Miṣrīyah,</subfield>
    <subfield code="c">1947.</subfield>
  </datafield>
  <datafield tag="300" ind1=" " ind2=" ">
    <subfield code="6">880-04</subfield>
    <subfield code="a">392 pages ;</subfield>
    <subfield code="c">25 cm</subfield>
  </datafield>
  <datafield tag="336" ind1=" " ind2=" ">
    <subfield code="a">text</subfield>
    <subfield code="b">txt</subfield>
    <subfield code="2">rdacontent</subfield>
  </datafield>
  <datafield tag="337" ind1=" " ind2=" ">
    <subfield code="a">unmediated</subfield>
    <subfield code="b">n</subfield>
    <subfield code="2">rdamedia</subfield>
  </datafield>
  <datafield tag="338" ind1=" " ind2=" ">
    <subfield code="a">volume</subfield>
    <subfield code="b">nc</subfield>
    <subfield code="2">rdacarrier</subfield>
  </datafield>
  <datafield tag="504" ind1=" " ind2=" ">
    <subfield code="a">يتضمن مراجع ببليوغرافية (صفحة 364-377) وكشاف.</subfield>
  </datafield>
  <datafield tag="650" ind1=" " ind2="4">
    <subfield code="a">الدعوة (الاسلام)</subfield>
  </datafield>
  <datafield tag="650" ind1=" " ind2="4">
    <subfield code="a">الاسلام</subfield>
    <subfield code="x">علاقات.</subfield>
  </datafield>
  <datafield tag="650" ind1=" " ind2="0">
    <subfield code="a">Da'wah (Islam)</subfield>
  </datafield>
  <datafield tag="650" ind1=" " ind2="0">
    <subfield code="a">Islam</subfield>
    <subfield code="x">Relations.</subfield>
  </datafield>
  <datafield tag="700" ind1="1" ind2=" ">
    <subfield code="6">880-05</subfield>
    <subfield code="a">Ḥasan, Ḥasan Ibrāhīm,</subfield>
    <subfield code="e">translator.</subfield>
  </datafield>
  <datafield tag="700" ind1="1" ind2=" ">
    <subfield code="6">880-06</subfield>
    <subfield code="a">ʻĀbidīn, ʻAbd al-Majīd,</subfield>
    <subfield code="e">translator.</subfield>
  </datafield>
  <datafield tag="700" ind1="1" ind2=" ">
    <subfield code="6">880-07</subfield>
    <subfield code="a">Naḥrāwī, Ismā‘īl,</subfield>
    <subfield code="e">translator.</subfield>
  </datafield>
  <datafield tag="765" ind1="0" ind2=" ">
    <subfield code="6">880-08</subfield>
    <subfield code="i">ترجمة كتاب (عمل):</subfield>
    <subfield code="t">The preaching of Islam : a history of the propagation of the Muslim faith</subfield>
    <subfield code="d">New York : C. Scribners Sons, 1913</subfield>
    <subfield code="w">(OCoLC)226223428</subfield>
    <subfield code="w">(OCoLC)226223428</subfield>
    <subfield code="a">Translation of (work):</subfield>
  </datafield>
  <datafield tag="765" ind1="0" ind2=" ">
    <subfield code="6">880-09</subfield>
    <subfield code="i">ترجمة كتاب (عمل):</subfield>
    <subfield code="t">The preaching of Islam : a history of the propagation of the Muslim faith</subfield>
    <subfield code="d">London : Luzac, 1935</subfield>
    <subfield code="w">(OCoLC)06439650</subfield>
    <subfield code="w">(OCoLC)06439650</subfield>
    <subfield code="a">Translation of (work):</subfield>
  </datafield>
  <datafield tag="852" ind1=" " ind2=" ">
    <subfield code="a">Jafet Library</subfield>
    <subfield code="e">American University of Beirut, Bliss Street , Beirut, Lebanon.</subfield>
  </datafield>
  <datafield tag="880" ind1="1" ind2=" ">
    <subfield code="6">100-01/(3/r</subfield>
    <subfield code="a">ارنولد، توماس والكر،</subfield>
    <subfield code="c">السير،</subfield>
    <subfield code="d">1864-1930،</subfield>
    <subfield code="e">مؤلف. </subfield>
    <subfield code="4">aut.</subfield>
  </datafield>
  <datafield tag="880" ind1="1" ind2="0">
    <subfield code="6">245-02/(3/r</subfield>
    <subfield code="a">الدعوة إلى الإسلام :</subfield>
    <subfield code="c">تأليف سير ت. و. أرنولد ؛ ترجمه إلى العربية حسن إبراهيم حسن، رئيس قسم التاريخ بجامعة فؤاد الأول، عبد المجيد عابدين، مدرس بكلية فردون بالخرطوم، إسماعيل النحراوي، بمكتبة جامعة فؤاد الأول.</subfield>
  </datafield>
  <datafield tag="880" ind1=" " ind2="1">
    <subfield code="6">264-03/(3/r</subfield>
    <subfield code="a">القاهرة :</subfield>
    <subfield code="b">مكتبة النهضة المصرية،</subfield>
    <subfield code="c">1947.</subfield>
  </datafield>
  <datafield tag="880" ind1=" " ind2=" ">
    <subfield code="6">300-04/(3/r</subfield>
    <subfield code="a">392 صفحة ؛</subfield>
    <subfield code="c">25 سم</subfield>
  </datafield>
  <datafield tag="880" ind1="1" ind2=" ">
    <subfield code="6">700-05/(3/r</subfield>
    <subfield code="a">حسن، حسن ابراهيم،</subfield>
    <subfield code="e">مترجم. </subfield>
    <subfield code="4">trl.</subfield>
  </datafield>
  <datafield tag="880" ind1="1" ind2=" ">
    <subfield code="6">700-06/(3/r</subfield>
    <subfield code="a">عابدين، عبد المجيد،</subfield>
    <subfield code="e">مترجم. </subfield>
    <subfield code="4">trl.</subfield>
  </datafield>
  <datafield tag="880" ind1="1" ind2=" ">
    <subfield code="6">700-07/(3/r</subfield>
    <subfield code="a">النحراوي، اسماعيل،</subfield>
    <subfield code="e">مترجم. </subfield>
    <subfield code="4">trl.</subfield>
  </datafield>
  <datafield tag="880" ind1="0" ind2=" ">
    <subfield code="6">765-08/(3/r</subfield>
    <subfield code="a">Translation of (work):</subfield>
    <subfield code="t">The preaching of Islam : a history of the propagation of the Muslim faith</subfield>
    <subfield code="d">New York : C. Scribners Sons, 1913</subfield>
    <subfield code="w">b10484954</subfield>
    <subfield code="w">(OCoLC)226223428</subfield>
  </datafield>
  <datafield tag="880" ind1="0" ind2=" ">
    <subfield code="6">765-09/(3/r</subfield>
    <subfield code="a">Translation of (work):</subfield>
    <subfield code="t">The preaching of Islam : a history of the propagation of the Muslim faith</subfield>
    <subfield code="d">London : Luzac, 1935</subfield>
    <subfield code="w">b10484978</subfield>
    <subfield code="w">(OCoLC)06439650</subfield>
  </datafield>
  <datafield tag="907" ind1=" " ind2=" ">
    <subfield code="a">.b12329071</subfield>
    <subfield code="b">16-08-10</subfield>
    <subfield code="c">11-05-24</subfield>
  </datafield>
  <datafield tag="907" ind1=" " ind2=" ">
    <subfield code="a">.b12329071</subfield>
    <subfield code="b">15-10-15</subfield>
    <subfield code="c">11-05-24</subfield>
  </datafield>
  <datafield tag="945" ind1=" " ind2=" ">
    <subfield code="f">J</subfield>
    <subfield code="a">297:A75pA:c.1</subfield>
    <subfield code="g">1</subfield>
    <subfield code="i">01002698</subfield>
    <subfield code="j">.i12760262</subfield>
    <subfield code="l">u0503</subfield>
  </datafield>
  <datafield tag="998" ind1=" " ind2=" ">
    <subfield code="a">u05</subfield>
    <subfield code="b">97-01-29</subfield>
    <subfield code="c">m</subfield>
    <subfield code="d">a</subfield>
    <subfield code="e">-</subfield>
    <subfield code="f">ara</subfield>
    <subfield code="g">ua </subfield>
    <subfield code="h">0</subfield>
    <subfield code="i">1</subfield>
  </datafield>
</record>
</collection>
